@article{developersAreNot,
    title={Developers are not the enemy!: The need for usable security apis},
    author={Green, Matthew and Smith, Matthew},
    journal={IEEE Security \& Privacy},
    volume={14},
    number={5},
    pages={40--46},
    year={2016},
    publisher={IEEE}
}

@inproceedings{usabilitySmells,
    title={Usability Smells: An Analysis of $\{$Developers’$\}$ Struggle With Crypto Libraries},
    author={Patnaik, Nikhil and Hallett, Joseph and Rashid, Awais},
    booktitle={Fifteenth Symposium on Usable Privacy and Security (SOUPS 2019)},
    pages={245--257},
    year={2019}
}

@misc{semester,
    author = {},
    title = {What is end-to-end encryption? | IBM},
    howpublished = {\url{https://www.ibm.com/topics/end-to-end-encryption}},
    month = {},
    year = {},
    note = {(Accessed on 01/31/2024)}
}

@article{christensen2015cryptanalysis,
    title={Cryptanalysis of the Vigen{\`e}re Cipher: The Friedman Test},
    author={Christensen, Chris},
    journal={a a},
    volume={1},
    number={1},
    pages={1},
    year={2015}
}

@misc{shiftpdf3:online,
    author = {},
    title = {Azrizonda State Univerity - Shift (Caesar) Ciphers},
    howpublished = {\url{https://math.asu.edu/sites/default/files/shift.pdf}},
    month = {},
    year = {},
    note = {(Accessed on 01/31/2024)}
}

@misc{Cryptogr8:online,
    author = {},
    title = {Cryptography 101: Basic Solving Techniques for Substitution Ciphers - dummies},
    howpublished = {\url{https://www.dummies.com/article/home-auto-hobbies/games/puzzles/cryptograms/cryptography-101-basic-solving-techniques-for-substitution-ciphers-195424/}},
    month = {},
    year = {},
    note = {(Accessed on 02/16/2024)}
}

@misc{lecture2,
    author = {Douglas Wikström},
    title = {Lecture 2: Applied Cryptography (DD2520)},
    howpublished = {KTH Royal Institute of Technology},
    month = {1},
    year = {2022},
}

@misc{WhatIsGP82:online,
    author = {},
    title = {What Is GPG Encryption and Do You Need It?},
    howpublished = {\url{https://www.liquidweb.com/kb/is-gpg-still-useful-in-todays-insecure-world}},
    month = {},
    year = {},
    note = {(Accessed on 02/17/2024)}
}

@misc{gpg,
    author = {},
    title = {The GNU Privacy Guard},
    howpublished = {\url{https://www.gnupg.org/}},
    month = {},
    year = {},
    note = {(Accessed on 02/17/2024)}
}
